<?xml version="1.0" encoding="UTF-8"?><collection xmlns="http://www.loc.gov/MARC21/slim"><record><leader>00597nam--2200181-i-4500</leader><controlfield tag="001">000023567</controlfield><controlfield tag="002">20161230</controlfield><controlfield tag="005">20161230201035</controlfield><controlfield tag="008">060222s1000------------r-----000-0-fre-d</controlfield><datafield ind1=" " ind2=" " tag="040"><subfield code="a">IFIN-HH</subfield></datafield><datafield ind1=" " ind2=" " tag="041"><subfield code="a">fre</subfield></datafield><datafield ind1=" " ind2=" " tag="080"><subfield code="a">533.9.082:621.039.619(043)</subfield></datafield><datafield ind1="1" ind2=" " tag="100"><subfield code="a">Heshmat, Gamila</subfield></datafield><datafield ind1="1" ind2="0" tag="245"><subfield code="a">Diagnostic spectral du plasma d`une source a impulsion. application au dosage de traces d`halogenes dans les solides</subfield><subfield code="b">These</subfield><subfield code="c">Gamila heshmat epouse chaaban</subfield></datafield><datafield ind1=" " ind2=" " tag="260"><subfield code="a">Toulouse</subfield><subfield code="b">UNIVERSITE PAUL SABATIER de toulouse</subfield><subfield code="c">1975</subfield></datafield><datafield ind1=" " ind2=" " tag="300"><subfield code="a">149 P</subfield></datafield><datafield ind1=" " ind2=" " tag="852"><subfield code="a">44025</subfield><subfield code="c">533.9</subfield></datafield><datafield ind1=" " ind2=" " tag="CAT"><subfield code="a">Sys</subfield><subfield code="c">20110114</subfield><subfield code="h">122148</subfield></datafield></record></collection>